@misc{AUSL,
  title = {{Azienda Unità Sanitaria Locale di Bologna}},
  howpublished = "\texttt{\newline URL: \url{https://www.ausl.bologna.it/}}",
  note = "\newline[Ultimo accesso: 03-07-2021]"
}

@misc{CRA,
  title = {{Centro Regionale Ausili di Bologna}},
  howpublished = "\texttt{\newline URL: \url{https://www.ausilioteca.org/cra}}",
  note = "\newline[Ultimo accesso: 03-07-2021]"
}

@misc{DOMOTIC_SYSTEM,
  author = {{VIMAR}},
  title = {{Che cos'è la domotica?}},
  howpublished = "\texttt{\newline URL: \url{https://www.vimar.com/it/it/che-cos-e-la-domotica-13772122.html}}",
  note = "\newline[Ultimo accesso: 03-07-2021]"
}

@misc{KONNEX,
  title = {{Impianto domotico KNX (Konnex)}},
  howpublished = "\texttt{\newline URL: \url{https://knx.it/chi-siamo/}}",
  note = "\newline[Ultimo accesso: 03-07-2021]"
}

@misc{PHILIPS,
  title = {{Dispositivi smart della Philips}},
  howpublished = "\texttt{\newline URL: \url{https://www.philips-hue.com/en-us/explore-hue/works-with}}",
  note = "\newline[Ultimo accesso: 03-07-2021]"
}

@misc{OPENHAB,
  title = {{OpenHAB - Homepage}},
  howpublished = "\texttt{\newline URL: \url{https://www.openhab.org/}}",
  note = "\newline[Ultimo accesso: 06-07-2021]"
}

@misc{VOCAL_ASSISTANT,
  author = {{Wikipedia Contributors}},
  title = {{Storia degli assistenti virtuali}},
  howpublished = "\texttt{\newline URL: \url{https://en.wikipedia.org/wiki/Virtual_assistant\#Experimental_decades:_1910s\%E2\%80\%941980s}}",
  note = "\newline[Ultimo accesso: 03-07-2021]"
}

@misc{GAMIFICATION,
  author = {{Treccani}},
  title = {{Definizione di Gamification.}},
  howpublished = "\texttt{\newline URL: \url{https://www.treccani.it/vocabolario/gamification_\%28Neologismi\%29/}}",
  note = "\newline[Ultimo accesso: 08-07-2021]"
}

@misc{GAMIFICATION_PURPOSE,
  author = {{Blohm I. e Leimeister J.M.}},
  title = {{Gamification.}},
  howpublished = "Business \& information systems engineering, 2013 - Springer \texttt{\newline URL: \url{https://link.springer.com/content/pdf/10.1007/s12599-013-0273-5.pdf}}",
  note = "\newline[Ultimo accesso: 08-07-2021]"
}

@misc{SOM,
  title = {{L’importanza del potenziamento cognitivo nell’invecchiamento sano}},
  howpublished = "\texttt{\newline URL: \url{https://www.stateofmind.it/2017/06/potenziamento\-cognitivo\-invecchiamento/}}",
  note = "\newline[Ultimo accesso: 05-07-2021]"
}

@misc{MOSCOW,
  title = {{Prioritizzazione MoSCoW}},
  howpublished = "\texttt{\newline URL: \url{https://en.wikipedia.org/wiki/MoSCoW_method}}",
  note = "\newline[Ultimo accesso: 03-07-2021]"
}

@misc{NGROK,
  title = {{Servizio di tunnelling ngrok}},
  howpublished = "\texttt{\newline URL: \url{https://ngrok.com/}}",
  note = "\newline[Ultimo accesso: 03-07-2021]"
}

@misc{OPENHAB_DOC,
  title = {{Documentazione di OpenHAB}},
  howpublished = "\texttt{\newline URL: \url{https://www.openhab.org/docs/}}",
  note = "\newline[Ultimo accesso: 03-07-2021]"
}

@misc{THINGS,
  title = {{OpenHAB - Things}},
  howpublished = "\texttt{\newline URL: \url{https://www.openhab.org/docs/configuration/things.html}}",
  note = "\newline[Ultimo accesso: 05-07-2021]"
}

@misc{ITEMS,
  title = {{OpenHAB - Items}},
  howpublished = "\texttt{\newline URL: \url{https://www.openhab.org/docs/configuration /items.html}}",
  note = "\newline[Ultimo accesso: 05-07-2021]"
}

@misc{SITEMAP,
  title = {{OpenHAB - Sitemaps}},
  howpublished = "\texttt{\newline URL: \url{https://www.openhab.org/docs/ui/sitemaps.html}}",
  note = "\newline[Ultimo accesso: 05-07-2021]"
}

@misc{PAGES,
  title = {{OpenHAB - Pages}},
  howpublished = "\texttt{\newline URL: \url{https://www.openhab.org/docs/ui/layout-pages.html}}",
  note = "\newline[Ultimo accesso: 05-07-2021]"
}

@misc{BINDING,
  title = {{OpenHAB - Bindings}},
  howpublished = "\texttt{\newline URL: \url{https://www.openhab.org/addons/}}",
  note = "\newline[Ultimo accesso: 05-07-2021]"
}

@misc{RULES,
  title = {{OpenHAB - Rules}},
  howpublished = "\texttt{\newline URL: \url{https://www.openhab.org/docs/configuration/rules-dsl.html}}",
  note = "\newline[Ultimo accesso: 05-07-2021]"
}

@misc{PERSISTENCE,
  title = {{OpenHAB - Persistence}},
  howpublished = "\texttt{\newline URL: \url{https://www.openhab.org/docs/configuration/persistence.html}}",
  note = "\newline[Ultimo accesso: 05-07-2021]"
}

@misc{ALEXA,
  title = {{Amazon Alexa}},
  howpublished = "\texttt{\newline URL: \url{https://developer.amazon.com/en-US/alexa}}",
  note = "\newline[Ultimo accesso: 03-07-2021]"
}

@misc{AWS_LAMBDA,
  title = {{AWS Lambda di Amazon}},
  howpublished = "\texttt{\newline URL: \url{https://aws.amazon.com/lambda/}}",
  note = "\newline[Ultimo accesso: 03-07-2021]"
}

@misc{AMAZON_DEVELOPER_CONSOLE,
  title = {{Amazon Developer Console}},
  howpublished = "\texttt{\newline URL: \url{https://developer.amazon.com/settings/console/home}}",
  note = "\newline[Ultimo accesso: 03-07-2021]"
}

@misc{ASK,
  title = {{Alexa Skills Kit di Amazon}},
  howpublished = "\texttt{\newline URL: \url{https://developer.amazon.com/en-US/docs/alexa/ask-overviews/what-is-the-alexa-skills-kit.html}}",
  note = "\newline[Ultimo accesso: 03-07-2021]"
}

@misc{ASK_SDK,
  title = {{ASK Software Development Kit per Node.js}},
  howpublished = "\texttt{\newline URL: \url{https://developer.amazon.com/en-US/docs/alexa/alexa-skills-kit-sdk-for-nodejs/overview.html}}",
  note = "\newline[Ultimo accesso: 03-07-2021]"
}

@misc{BINDING_AECB,
  title = {{Amazon Echo Control Binding per OpenHAB}},
  howpublished = "\texttt{\newline URL: \url{https://www.openhab.org/addons/bindings/amazonechocontrol/}}",
  note = "\newline[Ultimo accesso: 03-07-2021]"
}

@misc{OPENHAB_SKILL,
  title = {{Amazon Alexa Smart Home Skill - OpenHAB}},
  howpublished = "\texttt{\newline URL: \url{https://www.openhab.org/docs/ecosystem/alexa/}}",
  note = "\newline[Ultimo accesso: 03-07-2021]"
}

@misc{BINDING_PH,
  title = {{Philips Hue Binding per OpenHAB}},
  howpublished = "\texttt{\newline URL: \url{https://www.openhab.org/addons/bindings/hue/}}",
  note = "\newline[Ultimo accesso: 03-07-2021]"
}

@misc{TYPESCRIPT,
  title = {{Typescript Documentation}},
  howpublished = "\texttt{\newline URL: \url{https://www.typescriptlang.org/docs/handbook/typescript-from-scratch.html}}",
  note = "\newline[Ultimo accesso: 03-07-2021]"
}

@misc{NODE.JS,
  title = {{Node.js}},
  howpublished = "\texttt{\newline URL: \url{https://nodejs.org/en/}}",
  note = "\newline[Ultimo accesso: 03-07-2021]"
}

@misc{EXPRESS,
  title = {{Express for Node.js}},
  howpublished = "\texttt{\newline URL: \url{https://expressjs.com/}}",
  note = "\newline[Ultimo accesso: 03-07-2021]"
}